@misc{nazemi_2020,
place={Waterloo University, ON, Canada},
title={{SYDE 675} Winter 2020 Tutorial 1},
journal={SYDE 675 Winter 2020 Tutorial 1},
author={Nazemi, Amir},
year={2020},
month={Jan}
}

@misc{Numpy_LinAlg_Eigh,
  author = {{The SciPy community}},
  title = {numpy.linalg.eigh},
  year = 2019,
  howpublished = "\url{https://docs.scipy.org/doc/numpy/reference/generated/numpy.linalg.eigh.html}",
  note = "[Online; accessed 17-Feb-2020]"
}

@misc{Cov_Calculation,
  author = {{HADRIENJ}},
  title = {Preprocessing for deep learning: from covariance matrix to image whitening},
  year = 2020,
  howpublished = "\url{https://hadrienj.github.io/posts/Preprocessing-for-deep-learning/}",
  note = "[Online; accessed 17-Feb-2020]"
}

@misc{Bayes_Classifier,
  author = {{Gutierrez. Ricardo}},
  place = {Texas A&M University, Texas, USA},
  title = {LECTURE 5: Quadratic classifiers},
  howpublished = "\url{http://www.nada.kth.se/~stefanc/DATORSEENDE_AK/l5.pdf}",
  note = "[Online; accessed 17-Feb-2020]"
}

@misc{Numpy_Meshgrid,
  author = {{The SciPy community}},
  title = {numpy.meshgrid},
  year = 2019,
  howpublished = "\url{https://docs.scipy.org/doc/numpy/reference/generated/numpy.meshgrid.html}",
  note = "[Online; accessed 17-Feb-2020]"
}

@misc{MNIST_dataset,
  author = {{LeCun, Yann} and {Cortes, Corinna} and {Burges, Christopher J.C.}},
  title = {The {MNIST} Database of handwritten digits},
  howpublished = "\url{http://yann.lecun.com/exdb/mnist/}",
  note = "[Online; accessed 17-Feb-2020]"
}
