@misc{ID3Algo,
  author = {University of Florida Department of Computer \& Information Science \& Engineering},
  title = {The {ID3} Algorithm},
  howpublished = "\url{https://www.cise.ufl.edu/~ddd/cap6635/Fall-97/Short-papers/2.htm}",
  note = "[Online; accessed 15-Mar-2020]"
}

@misc{SYDE675,
howpublished = {Waterloo University, ON, Canada},
title = {{SYDE 675} Winter 2020 Course: Logistic Regression},
journal = {{SYDE 675} Winter 2020 Course: Decision Trees},
author = {Shafiee, Mohammad J.},
year = {2020},
month = {Feb}
}

@misc{Cross_Val,
  author = {{scikit-learn developers}},
  title = {Cross-validation},
  year = 2019,
  howpublished = "\url{https://scikit-learn.org/stable/modules/cross_validation.html}",
  note = "[Online; accessed 17-Feb-2020]"
}

@misc{k_fold,
  author = {{scikit-learn developers}},
  title = {K-fold},
  year = 2019,
  howpublished = "\url{https://scikit-learn.org/stable/modules/cross_validation.html#k-fold}",
  note = "[Online; accessed 17-Feb-2020]"
}

@misc{repeated_k_fold,
  author = {{scikit-learn developers}},
  title = {Repeated K-fold},
  year = 2019,
  howpublished = "\url{https://scikit-learn.org/stable/modules/cross_validation.html#repeated-k-fold}",
  note = "[Online; accessed 17-Feb-2020]"
}
