@misc{SYDE675_SVM,
    howpublished = {Waterloo University, ON, Canada},
    title = {{SYDE 675} Winter 2020 Course: Support Vector Machines},
    author = {Shafiee, Mohammad J.},
    year = {2020},
    month = {Mar}
}


@Book{statisticalLearning,
    author    = {{Hastie, Trevor} and {Tibshirani, Robert} and {Friedman, Jerome}},
    title     = {The Elements of Statistical Learning: Data Mining, Inference and Prediction},
    publisher = {Springer},
    year      =  {2008},
    address   = {Stanford, CA},
    edition   = "Second"
}

@misc{SYDE675_Ensemble,
    howpublished = {Waterloo University, ON, Canada},
    title = {{SYDE 675} Winter 2020 Course: Ensemble Learning},
    author = {Shafiee, Mohammad J.},
    year = {2020},
    month = {Mar}
}


@misc{adaboost_UTennessee,
    author = {The University of Tennessee, Knoxville Min H. Kao Department of Electrical Engineering \& Computer Science},
    title = {Experiments with a New Boosting Algorithm},
    howpublished = "\url{http://web.eecs.utk.edu/~leparker/Courses/CS425-528-fall12/Handouts/AdaBoost.M1.pdf}",
    note = "[Online; accessed 15-Apr-2020]"
}

@article{Breinan_random_forests,
    author = {{Breinan, Leo}},
    year = {2001},
    pages = {5 - 32},
    title = {Random Forests},
    volume = {45},
    journal = {Machine Learning}
}


@article{Schapire_boosting,
    author = {{Schapire, Robert E.} and {Freund, Yoav} and {Bartlett, Peter} and {Lee, Wee Sun}},
    year = {1998},
    pages = {1651 - 1686},
    title = {Boosting the margin: a new explanation for the effectiveness of voting methods},
    volume = {26},
    journal = {The Annals of Statistics}
}


@inproceedings{Saberian_binarization_problems,
    author = {{Saberian, Mohammad J.} and {Vasconcelos, Nuno}},
    booktitle = {Proceedings of the 24th International Conference on Neural Information Processing Systems (NIPS'11)},
    title = {Multiclass Boosting: Theory and Algorithms},
    year={2011},
    volume={},
    number={},
    pages={2124-2132},
    DOI = {}
}


@inproceedings{Zhai_multiclass_boosting,
    author = {{Zhai, Shaodan} and {Xia, Tian} and {Wang, Shaojun}},
    booktitle = {Proceedings of the 20th ACM SIGKDD International Conference on Knowledge Discovery and Data Mining (KDD'14)},
    title = {A multi-class boosting method with direct optimization},
    year={2014},
    volume={},
    number={},
    pages={273-282},
    DOI = {10.1145/2623330.2623689}
}


@inproceedings{Sun_multiclass_inbalanced_AdaC2.M1,
    author = {{Sun, Yanmin} and {Kamel, Mohamed S.} and {Wang, Yang}},
    booktitle = {Proceedings of the Sixth International Conference on Data Mining (ICDM'06)},
    title = {Boosting for Learning Multiple Classes with Imbalanced Class Distribution},
    year={2006},
    volume={},
    number={},
    pages={592-602},
    DOI = {0-7695-2701-9/06}
}


@article{Sun_boosting_imbalanced_data,
    author = {{Sun, Yanmin} and {Kamel, Mohamed S.} and {Wong, Andrew K. C.} and {Wang, Yang}},
    year = {2007},
    pages = {3358 - 3378},
    title = {Cost-sensitive boosting for classiﬁcation of imbalanced data},
    volume = {40},
    number = {},
    journal = {Pattern Recognition}
}

@incollection{Schapire_explaining_adaboost,
    author      = {Schapire, Robert E.},
    title       = {Explaining AdaBoost},
    editor      = {{SchRolkopf, Bernhard} and {Luo, Zhiyuan} and {Vovk, Vladimir}},
    booktitle   = {Empirical Inference},
    publisher   = {Springer},
    address     = {Heidelberg, Germany},
    year        = {2013},
    pages       = {37-52},
    chapter     = {5},
    ISBN        = {978-3-642-41136-6},
    DOI         = {10.1007/978-3-642-41136-6__5}
}

@article{Freund_adaboost,
    author = {{Freund, Yoav} and {Schapire, Robert E.}},
    year = {1997},
    pages = {119 - 139},
    title = {A Decision-Theoretic Generalization of On-Line Learning and an Application to Boosting},
    volume = {55},
    journal = {Journal of Computer and System Sciences}
}

@article{multi_class_adaboost,
    author = {{Zhu, Ji} and {Zou, Hui} and { Rosset, Saharon} and {Hastie, Trevor}},
    year = {2009},
    pages = {349 - 360},
    title = {Multi-class AdaBoost},
    volume = {2},
    journal = {Statistics and Its Inference}
}

@article{adaboost_forward_stagewise_additive,
    author = {{Friedman, Jerome} and {Hastie, Trevor} and {Tibshirani, Robert}},
    year = {2000},
    pages = {337 - 407},
    title = {Additive Logistic Regression: A Statistical View of Boosting},
    volume = {28},
    number = {2},
    journal = {The Annals of Statistics}
}


@inproceedings{random_forests_vs_SAMME,
    author={{Miao, Xin} and {Heaton, Jill S.}},
    booktitle = {2010 18th International Conference on Geoinformatics},
    title = {A comparison of random forest and {Adaboost} tree in ecosystem classification in east {Mojave Desert}},
    year={2010},
    volume={},
    number={},
    pages={1-6},
    DOI = {10.1109/GEOINFORMATICS.2010.5567504}
}


@article{random_forests_vs_SVM,
    title = "Multiclass classification methods in ecology",
    journal = "Ecological Indicators",
    volume = "85",
    pages = "1012 - 1021",
    year = "2018",
    issn = "1470-160X",
    doi = "https://doi.org/10.1016/j.ecolind.2017.11.031",
    url = "http://www.sciencedirect.com/science/article/pii/S1470160X17307434",
    author = {{Bourel, M.} and {Segura, A. M.}}
}


@article{SAMME_inbalancedData,
    title = "An empirical comparison on state-of-the-art multi-class imbalance learning algorithms and a new diversified ensemble learning scheme",
    journal = "Knowledge-Based Systems",
    volume = "158",
    pages = "81 - 93",
    year = "2018",
    issn = "0950-7051",
    doi = "https://doi.org/10.1016/j.knosys.2018.05.037",
    url = "http://www.sciencedirect.com/science/article/pii/S095070511830282X",
    author = {{Bi, Jingjun}  and {Zhang, Chongsheng}}
}

@inproceedings{Reiss_ConfAdaboost,
    author={{Reiss, Attila} and {Hendeby, Gustaf} and {Stricker, Didier}},
    booktitle = {Proceedings of the 2013 International Symposium on Wearable Computers (ISWC'13)},
    title = {Confidence-based multiclass {AdaBoost} for physical activity monitoring},
    year={2013},
    volume={},
    number={},
    pages={13-20},
    DOI = {10.1145/2493988.2494325}
}


@misc{Human_Activity_Recognition_Dataset_url,
    author = {{Reyes Ortiz, Jorge L.} and {Oneto, Luca} and {Samà, Albert} and {Parra, Xavier} and {Anguita, Davide}},
    year = "2017",
    title = "{UCI} Machine Learning Repository for the Human Activity Recognition Dataset",
    howpublished = "\url{http://archive.ics.uci.edu/ml/datasets/Smartphone-Based+Recognition+of+Human+Activities+and+Postural+Transitions}",
    institution = "University of California, Irvine, School of Information and Computer Sciences",
    note = "[Online; accessed 18-Apr-2020]"
}

@article{Human_Activity_Recognition_Dataset,
    title = "Transition-Aware Human Activity Recognition Using Smartphones",
    journal = "Neurocomputing",
    volume = "171",
    pages = "754 - 767",
    year = "2016",
    issn = "0925-2312",
    doi = "https://doi.org/10.1016/j.neucom.2015.07.085",
    url = "http://www.sciencedirect.com/science/article/pii/S0925231215010930",
    author = {{Reyes Ortiz, Jorge L.} and {Oneto, Luca} and {Samà, Albert} and {Parra, Xavier} and {Anguita, Davide}}
}


@misc{library_scikit-learn,
    author = {{Scikit-learn developers}},
    title = {Scikit-learn},
    year = 2020,
    howpublished = "\url{https://scikit-learn.org/stable/}",
    note = "[Online; accessed 15-Apr-2020]"
}


@misc{library_pandas,
    author = {{Pandas developers}},
    title = {SScikit-learn},
    year = 2020,
    howpublished = "\url{https://pandas.pydata.org/}",
    note = "[Online; accessed 17-Apr-2020]"
}


@misc{library_numpy,
    author = {{NumPy developers}},
    title = {NumPy},
    year = 2020,
    howpublished = "\url{https://numpy.org/}",
    note = "[Online; accessed 17-Apr-2020]"
}